@Unpublished{walker:13p,
   author =	 {A. Walker},
   title = 	 {untitled},
   note =	 {Class project},
   month = 	 {feb},
   year = 	 (2013}
}

@Unpublished{vick:13p,
   author =	 {T. Vick},
   title = 	 {untitled},
   note =	 {Class project},
   month = 	 {feb},
   year = 	 (2013}
}

@Unpublished{stimetz:13p,
   author =	 {A. Stimetz},
   title = 	 {untitled},
   note =	 {Class project},
   month = 	 {feb},
   year = 	 (2013}
}

@Unpublished{mitchell:13p,
   author =	 {S. Mitchell},
   title = 	 {untitled},
   note =	 {Class project},
   month = 	 {feb},
   year = 	 (2013}
}

@Article{cohen:01jgcd,
  author = 	 {K. Cohen and T. Weller and J.Z. Ben-Asher},
  title = 	 {Control of Linear Second-Order Systems by Fuzzy Logic-Based Algorithm},
  journal = 	 {Journal of Guidance, Control, and Dynamics},
  year = 	 2001,
  volume =	 24,
  number =	 3,
  pages =	 {494-501}
}

@Book{kosko:91bk,
  author =	 {Bart Kosko},
  title = 	 {Fuzzy Thinking, The New Sciencs of Fuzzy Logic},
  publisher = 	 {Hyperion, NY},
  year = 	 1994
}

@Article{kosko:93sciam,
  author =	 {B. Kosko and S. Isaka},
  title = 	 {Fuzzy Logic},
  journal  =	 {Scientific American},
  year =	 1993,
  number =	 269,
  pages =	 {76-81}
}

@Manual{matlab:12tb,
  organization = {The MathWorks Inc},
  title =	 {MATLAB and Fuzzy Logic Toolbox Release 2012b},
  address = 	 {Natick, Massachusetts, United States},
  year = 	 2012
}

@Book{cordon:01bk,
  author =	 {O. Cord\'{o}n and F. Herrera and F. Hoffmann and L. Magdalena},
  title = 	 {Genetic Fuzzy Systems, Evolutionary Tuning and Learning of Fuzzy Knowledge Bases},
  publisher = 	 {World Scientific Publishing Co., MA},
  year = 	 2001
}